%%
%% This BibTeX bibliography file was created using BibDesk. (MAC OS Only)
%% http://bibdesk.sourceforge.net/
%%

%%
%% Created for Lauro Cesar Araujo at 2013-08-21 10:57:09 -0300
%% Saved with string encoding Unicode (UTF-8)
%%

%
% Graphical Java application for managing BibTeX and BibLaTeX (.bib) databases (Windows/Linux/MAC)
% https://github.com/JabRef/jabref
%
% BibDesk-like software for Windows
% https://tex.stackexchange.com/questions/9454/bibdesk-like-software-for-windows
%
% LaTeX Bibliography Management
% https://en.wikibooks.org/wiki/LaTeX/Bibliography_Management#BibTeX
%
%
% $ date "+%Y-%m-%d %H:%M:%S"
% 2017-08-28 09:18:02
%
% YYYY-MM-DD format date in shell script
% https://stackoverflow.com/questions/1401482/yyyy-mm-dd-format-date-in-shell-script
%

@inproceedings{Chen2015/10,
  title={Checkpoint and Restore of Micro-service in Docker Containers},
  author={Yang Chen},
  year={2015/10},
  booktitle={Proceedings of the 3rd International Conference on Mechatronics and Industrial Informatics},
  pages={915-918},
  issn={2352-538X},
  isbn={978-94-6252-131-5},
  url={https://doi.org/10.2991/icmii-15.2015.160},
  doi={10.2991/icmii-15.2015.160},
  publisher={Atlantis Press}
}

@inproceedings{laadan2010linux,
  title={Linux-CR: Transparent application checkpoint-restart in Linux},
  author={Laadan, Oren and Hallyn, Serge E},
  booktitle={Linux Symposium},
  volume={159},
  year={2010},
  organization={Citeseer}
}

@article{vayghan2021kubernetes,
  title={A Kubernetes controller for managing the availability of elastic microservice based stateful applications},
  author={Vayghan, Leila Abdollahi and Saied, Mohamed Aymen and Toeroe, Maria and Khendek, Ferhat},
  journal={Journal of Systems and Software},
  volume={175},
  pages={110924},
  year={2021},
  publisher={Elsevier}
}

@misc{cri-o,
    author={cri-o},
    title={cri-o},
    howpublished="\url{https://cri-o.io/}",
    year={2023},
    note="[Online; acessado em 03/05/2023]"
}

@misc{etcd,
    author={etcd},
    title={etcd},
    howpublished="\url{https://etcd.io/}",
    year={2023},
    note="[Online; acessado em 08/05/2023]"
}

@misc{kubernetes:etcd,
    author={Kubernetes},
    title={Operating etcd clusters for Kubernetes | Kubernetes},
    howpublished="\url{https://kubernetes.io/docs/tasks/administer-cluster/configure-upgrade-etcd/}",
    year={2023},
    note="[Online; acessado em 08/05/2023]"
}

@misc{kubernetes:volumes,
    author={Kubernetes},
    title={Volumes | Kubernetes},
    howpublished="\url{https://kubernetes.io/docs/concepts/storage/volumes/}",
    year={2023},
    note="[Online; acessado em 09/05/2023]"
}

@misc{kubernetes:controllers,
    author={Kubernetes},
    title={Controllers | Kubernetes},
    howpublished="\url{https://kubernetes.io/docs/concepts/architecture/controller/}",
    year={2023},
    note="[Online; acessado em 09/05/2023]"
}

@misc{kubernetes:persistent-volumes,
    author={Kubernetes},
    howpublished="\url{https://kubernetes.io/docs/concepts/storage/persistent-volumes/}",
    year={2023},
    note="[Online; acessado em 09/05/2023]"
}

@misc{docker-swarm,
  author={Docker},
  title={Swarm mode overview | Docker Documentation},
  howpublished="\url{https://docs.docker.com/engine/swarm/}",
  year={2023},
  note="[Online; acessado em 02/05/2023]"
}

@misc{containerd,
    author={containerd},
    title={containerd - An industry-standard container runtime with an emphasis on simplicity, robustness and portability},
    howpublished="\url{https://containerd.io/}",
    year={2023},
    note="[Online; acessado em 03/05/2023]"
}

@misc{openshift,
    author={RedHat},
    title={Red Hat OpenShift enterprise Kubernetes container platform},
    howpublished="\url{https://www.redhat.com/en/technologies/cloud-computing/openshift}",
    year={2023},
    note="[Online; acessado em 03/05/2023]"
}

@misc{kubernetes:components,
    author={Kubernetes},
    title={Kubernetes Components | Kubernetes},
    howpublished="\url{https://kubernetes.io/docs/concepts/overview/components/}",
    year={2023},
    note="[Online; acessado em 03/05/2023]"
}

@misc{criu,
    author={CRIU},
    title={CRIU},
    howpublished="\url{https://criu.org/Main_Page}",
    year={2023},
    note="[Online; acessado em 03/05/2023]"
}

@misc{bombardier,
    author={Bombardier},
    title={codesenberg/bombardier: Fast cross-platform HTTP benchmarking tool written in Go},
    howpublished="\url{https://github.com/codesenberg/bombardier}",
    year={2023},
    note="[Online; acessado em 11/08/2023]"
}

@misc{calico,
    author={Calico},
    title={Project Calico},
    howpublished="\url{https://www.tigera.io/project-calico/}",
    year={2023},
    note="[Online; acessado em 11/08/2023]"
}

@misc{kubernetes,
  author={Kubernetes},
  title={Overview Kubernetes},
  howpublished="\url{https://kubernetes.io/docs/concepts/overview/}",
  year={2023}, 
  note="[Online; acessado em 27/03/2023]"
}

@misc{kubernetes:deployment,
    author={Kubernetes},
    title={Deployments Kubernetes}, howpublished="\url{https://kubernetes.io/docs/concepts/workloads/controllers/deployment/}",
    year={2023},
    note="[Online; acessado em 09/04/2023]"
}

@misc{kubernetes:pod,
    author={Kubernetes},
    title={Pods Kubernetes},
    howpublished="\url{https://kubernetes.io/docs/concepts/workloads/pods/}",
    year={2023},
    note="[Online; acessado em 09/04/2023]"
}

@misc{kubernetes:usage,
    author={Paul Cormier},
    title={The State of Enterprise Open Source: A Red Hat report},
    howpublished="\url{https://www.redhat.com/en/resources/state-of-enterprise-open-source-report-2022}",
    year={2023},
    note="[Online; acessado em 09/04/2023]"
}

@inproceedings{muller2022architecture,
  title={An architecture proposal for checkpoint/restore on stateful containers},
  author={M{\"u}ller, Rodrigo H and Meinhardt, Cristina and Mendizabal, Odorico M},
  booktitle={Proceedings of the 37th ACM/SIGAPP Symposium on Applied Computing},
  pages={267--270},
  year={2022}
}

@inproceedings{oh2018stateful,
  title={Stateful container migration employing checkpoint-based restoration for orchestrated container clusters},
  author={Oh, SeungYong and Kim, JongWon},
  booktitle={2018 International Conference on Information and Communication Technology Convergence (ICTC)},
  pages={25--30},
  year={2018},
  organization={IEEE}
}

@mastersthesis{schmidt2023state,
  title={State-preserving container orchestration in failover scenarios},
  author={Schmidt, Henri},
  year={2023}
}

@article{tran2022proactive,
  title={Proactive Stateful Fault-Tolerant System for Kubernetes Containerized Services},
  author={Tran, Minh-Ngoc and Vu, Xuan Tuong and Kim, Younghan},
  journal={IEEE Access},
  volume={10},
  pages={102181--102194},
  year={2022},
  publisher={IEEE}
}

@misc{ambassador,
    author={Microsoft},
    title={Ambassador pattern - Azure Architecture Center | Microsoft Learn},
    howpublished="\url{https://learn.microsoft.com/en-us/azure/architecture/patterns/ambassador}",
    year={2023},
    note="[Online; acessado em 17/06/2023]"
}

@misc{event-sourcing,
    author={Microsoft},
    title={Event Sourcing pattern - Azure Architecture Center | Microsoft Learn},
    howpublished="\url{https://learn.microsoft.com/en-us/azure/architecture/patterns/event-sourcing}",
    year={2023},
    note="[Online; acessado em 25/06/2023]"
}

@misc{kubernetes:checkpoint,
    author={Kubernetes},
    title={Kubelet Checkpoint API | Kubernetes},
    howpublished="\url{https://kubernetes.io/docs/reference/node/kubelet-checkpoint-api/}",
    year={2023},
    note="[Online; acessado em 27/06/2023]"
}

@misc{cqrs,
    author={Microsoft},
    title={Event Sourcing pattern - Azure Architecture Center | Microsoft Learn},
    howpublished="\url{https://learn.microsoft.com/en-us/azure/architecture/patterns/cqrs}",
    year={2023},
    note="[Online; acessado em 25/06/2023]"
}

@misc{buildah,
	author={Buildah},
	title={Buildah | buildah.io},
	howpublished="\url{https://buildah.io/}",
	year={2023},
	note="[Online; acessado em 01/11/2023]"
}

@misc{postgresql,
	author={PostgreSQL},
	title={PostgreSQL: The world's most advanced open source database},
	howpublished="\url{https://www.postgresql.org/}",
	year={2023},
	note="[Online; acessado em 04/11/2023]"
}

@string{OSDI02 = "Proc.\ of the Fifth Symposium on Operating Systems Design and Implementation"}
@string{USENIXASSOC = "{USENIX} {Association}"}

@InProceedings{White+:osdi02,
        Author = {Brian White and Jay Lepreau and Leigh Stoller and
                  Robert Ricci and Shashi Guruprasad and Mac Newbold and
                  Mike Hibler and Chad Barb and Abhijeet Joglekar},
        Title={An Integrated Experimental Environment
                 for Distributed Systems and Networks},
        booktitle = OSDI02,
	organization = USENIXASSOC,
        address = {Boston, MA},
        month  = dec,
        year   = 2002,
	pages  = "255--270"
}

@article{schmidttransparent,
  title={Transparent Fault Tolerance for Stateful Applications in Kubernetes with Checkpoint/Restore},
  author={Schmidt, Henri and Rejiba, Zeineb and Eidenbenz, Raphael and F{\"o}rster, Klaus-Tycho}
}
